@Misc{owlRef:2004,
  author = {Sean Bechhofer and Frank van Harmelen and Jim Hendler and Ian Horrocks and Deborah L. McGuinness and Peter
            F. Patel-Schneider and Lynn Andrea Stein},
  title = "OWL Web Ontology Language Reference",
  month = feb,
  year = {2004},
  howpublished = "\url{http://www.w3.org/TR/owl-ref/}"
}

@Misc{rdfRef:2004,
  author = {Dan Brickley and R.V. Guha and Brian McBride},
  title = "RDF Vocabulary Description Language 1.0: RDF Schema",
  month = feb,
  year = {2004},
  howpublished = "\url{http://www.w3.org/TR/rdf-schema/}"
}

@Techreport{tl9702e,
  author  = {T. Ludwig and R. Wism{\"u}ller and V. Sunderam and A. Bode},
  title   = {{OMIS --- On-line Monitoring Interface Specification
            (Version 2.0)}},
  institution = {Technische Universit{\"a}t M{\"u}nchen},
  year    = {1997},
  month   = {July},
  address = {Munich, Germany},
  number  = {TUM-I9733, SFB-Bericht Nr. 342/22/97~A},
  url     = {http://wwwbode.informatik.tu-muenchen.de/\~{}omis/OMIS/Version-2.0/version-2.0.ps.gz}
}

@Article{berneslee:semanticWeb,
    author = {Berners-Lee, Tim and Hendler, James and Lassila, Ora},
    journal = {Scientific American},
    keywords = {519, 519-week10, semantic-web},
    month = {May},
    posted-at = {2007-03-20 06:05:50},
    priority = {2},
    title = {The Semantic Web: Scientific American},
    year = {2001}
}

@Book{Windle:SoftReq,
    author = {Daniel R. Windle and L. Rene Abreo},
    title = {Software requirements using the unified process: a practical approach},
    publisher = {Prentice Hall},
    year = {2002},
    month = {August}
}

@Misc{rfc:2119,
  author={S. Bradner},
  title={Key words for use in RFCs to Indicate Requirement Levels},
  series={Request for Comments},
  number={2119},
  howpublished={RFC 2119 (Best Current Practice)},
  publisher={IETF},
  organization={Internet Engineering Task Force},
  year={1997},
  month={mar},
  url={http://www.ietf.org/rfc/rfc2119.txt}
}

@book{0201702258,
  Author = {Alistair Cockburn},
  Title = {Writing Effective Use Cases},
  Publisher = {Addison-Wesley Professional},
  Year = {2000},
  ISBN = {0201702258},
  URL =
{http://www.amazon.com/Writing-Effective-Cases-Alistair-Cockburn/dp/0201702258%3FSubscriptionId%3D0JYN1NVW651KCA56C102%2
6tag%3Dtechkie-20%26linkCode%3Dxm2%26camp%3D2025%26creative%3D165953%26creativeASIN%3D0201702258}
}

@book{0131422464,
  Author = {Deepak Alur and Dan Malks and John Crupi},
  Title = {Core J2EE Patterns: Best Practices and Design Strategies (2nd Edition)},
  Publisher = {Prentice Hall},
  Year = {2003},
  ISBN = {0131422464},
}
@Book{gamma1995,
 author = {Gamma, Erich},
 title = {Design Patterns},
 publisher = {Addison-Wesley},
 year = {1995},
 address = {Boston},
 isbn = {0201633612}
 }